% !Mode:: "TeX:UTF-8"

@misc{cmhskl2008h,
  note = {韩艳, 山程明. 减速带减速原理及其应用[J]. 交通道路与安全, 2009, 9(06):16-20},
  key = {cmhsk}
}

@misc{hanyan2009jsdjsylh,
  note = {卡门·哈斯克劳. 文明的街道: 交通稳静化指南[M]. 北京: 中国建筑工业出版社, 2008},
  key = {hanyan}
}

book{cmhskl2008,
  author = {卡门·哈斯克劳},
  title = {文明的街道: 交通稳静化指南},
  publisher = {中国建筑工业出版社},
  year = {2008},
  address = {北京}
}

article{hanyan2009jsdjsyl,
  author = {{韩艳}, {山程明}},
  title = {减速带减速原理及其应用},
  journal = {交通道路与安全},
  volume = {9},
  pages = {17},
  year = {2009},
}

